@misc{unece,
	author       = {UN Economic Commission for Europe},
	shorthand    = {UNECE},
	title        = {Introducing UN/EDIFACT},
	note         = {https://www.unece.org/cefact/edifact/welcome.html, last visited on 08.11.2016},
	year         = {2016}
}
