@MastersThesis{Krau:Thesis2016,
    author     =     {Tobias Krauß},
    title     =     {{A Framework to Assist Reverse Engineers in Unpacking Virtualized Binaries}},
    school     =     {Friedrich-Alexander Universität Erlangen-Nürnberg},
    address     =     {Lehrstuhl für Informatik 1, Universität Erlangen-Nürnberg, Martensstr. 3, 91058 Erlangen, Germany},
    year     =     {2016},
    }

@misc{vm_prot,
	author       = {VMPSoft},
	title        = {VMProtect},
	note      	 = {\url{http://www.vmpsoft.com}},
	year         = {2016}
}

@misc{UPX,
	author       = {Markus F.X.J. Oberhumer and László Molnár and John F. Reiser},
	title        = {UPX},
	note      	 = {\url{https://upx.github.io/}},
	year         = {1996}
}

@book{eilam,
    author = {Eilam, E. and Chikofsky, E. J.},
    citeulike-article-id = {7172662},
    posted-at = {2010-05-16 03:23:51},
    priority = {2},
    publisher = {Wiley},
    title = {{Reversing: secrets of reverse engineering}},
    year = {2005}
}

@article{guillot2010automatic,
  title={Automatic binary deobfuscation},
  author={Guillot, Yoann and Gazet, Alexandre},
  booktitle={Journal in computer virology},
  pages={261--276},
  year={2010}
}

@article{stephens2016driller,
  title={Driller: Augmenting Fuzzing Through Selective Symbolic Execution},
  author={Stephens, Nick and Grosen, John and Salls, Christopher and Dutcher, Andrew and Wang, Ruoyu and Corbetta, Jacopo and Shoshitaishvili, Yan and Kruegel, Christopher and Vigna, Giovanni},
  booktitle={NDSS},
  year={2016}
}

@inproceedings{DBLP:conf/sp/SharifLGL09,
  author    = {Monirul I. Sharif and
               Andrea Lanzi and
               Jonathon T. Giffin and
               Wenke Lee},
  title     = {Automatic Reverse Engineering of Malware Emulators},
  booktitle = {30th IEEE Symposium on Security and Privacy (S\&P 2009), 17-20
               May 2009, Oakland, California, USA},
  pages     = {94--109},
  year      = {2009},
  crossref  = {DBLP:conf/sp/2009},
  doi       = {10.1109/SP.2009.27},
  timestamp = {Thu, 08 Jan 2015 16:59:44 +0100},
  bibsource = {dblp computer science bibliography, http://dblp.org}
}

@inproceedings{Rolles:2009:UVO:1855876.1855877,
 author = {Rolles, Rolf},
 title = {Unpacking Virtualization Obfuscators},
 booktitle = {Proceedings of the 3rd USENIX Conference on Offensive Technologies},
 series = {WOOT'09},
 year = {2009},
 location = {Montreal, Canada},
 pages = {1--1},
 numpages = {1},
 acmid = {1855877},
 publisher = {USENIX Association},
 address = {Berkeley, CA, USA},
} 

@inproceedings{Coogan:2011:DVS:2046707.2046739,
 author = {Coogan, Kevin and Lu, Gen and Debray, Saumya},
 title = {Deobfuscation of Virtualization-obfuscated Software: A Semantics-based Approach},
 booktitle = {Proceedings of the 18th ACM Conference on Computer and Communications Security},
 series = {CCS '11},
 year = {2011},
 isbn = {978-1-4503-0948-6},
 location = {Chicago, Illinois, USA},
 pages = {275--284},
 numpages = {10},
 doi = {10.1145/2046707.2046739},
 acmid = {2046739},
 publisher = {ACM},
 address = {New York, NY, USA},
 keywords = {deobfuscation, dynamic analysis, virtualization},
} 

@inproceedings{DBLP:conf/sp/YadegariJWD15,
  author    = {Babak Yadegari and
               Brian Johannesmeyer and
               Ben Whitely and
               Saumya Debray},
  title     = {A Generic Approach to Automatic Deobfuscation of Executable Code},
  booktitle = {2015 {IEEE} Symposium on Security and Privacy, {SP} 2015, San Jose,
               CA, USA, May 17-21, 2015},
  pages     = {674--691},
  year      = {2015},
  crossref  = {DBLP:conf/sp/2015},
  doi       = {10.1109/SP.2015.47},
  timestamp = {Fri, 24 Jul 2015 12:25:17 +0200},
  bibsource = {dblp computer science bibliography, http://dblp.org}
}

@misc{code_virt,
	author       = {Oreans Technologies},
	title        = {Code Virtualizer},
	note      	 = {\url{http://www.oreans.com}},
	year         = {2016}
}

@misc{themida,
	author       = {Oreans Technologies},
	title        = {Themida},
	note      	 = {\url{http://www.oreans.com}},
	year         = {2016}
}

@misc{symantec_clampi,
	author       = {Nicolas Falliere, Patrick Fitzgerald, Eric Chien},
	title        = {Inside the Jaws of Trojan.Clampi},
	note      	 = {\url{https://www.symantec.com/content/en/us/enterprise/media/security_response/whitepapers/inside_trojan_clampi.pdf}},
	year         = {2009}
}

@misc{ida_debugger_overview,
	author       = {Hex-Rays SA},
	title        = {IDA Debugger: Overview},
	note      	 = {\url{https://www.hex-rays.com/products/ida/debugger/}},
	year         = {2015}
}

@misc{DEFCON17:QuLi,
	author		= {Daniel A. Quist, Lorie M. Liebrock},
	title		= {Reverse Engineering by Crayon: Game Changing Hypervisor and Visualization Analysis},
	note			= {\url{https://www.defcon.org/images/defcon-17/dc-17-presentations/defcon-17-danny_quist-lorie_liebrock-reverse_engineering_crayon.pdf}},
	year		= {2009},
}

@inproceedings{Dinaburg:2008:EMA:1455770.1455779,
 author = {Dinaburg, Artem and Royal, Paul and Sharif, Monirul and Lee, Wenke},
 title = {Ether: Malware Analysis via Hardware Virtualization Extensions},
 booktitle = {Proceedings of the 15th ACM Conference on Computer and Communications Security},
 series = {CCS 08},
 year = {2008},
 isbn = {978-1-59593-810-7},
 location = {Alexandria, Virginia, USA},
 pages = {51--62},
 numpages = {12},
 url = \url{http://doi.acm.org/10.1145/1455770.1455779},
 doi = {10.1145/1455770.1455779},
 acmid = {1455779},
 publisher = {ACM},
 address = {New York, NY, USA},
 keywords = {dynamic analysis, emulation, malware analysis, unpacking, virtualization},
} 

@misc{vm_ware,
	author       = {VMWare, Inc.},
	title        = {VMWare},
	note      	 = {\url{https://www.vmware.com/}},
	year         = {2016}
}


@manual{intelman,
	author 	= {Manual, Intel Product},
	title 	= {{Intel 64 and IA-32 Architectures Software Developer's Manual}},
	year	= {2015}
}


@misc{gdb,
  title={GDB: The GNU Project Debugger},
  author={Free Software Foundation},
  year={2015},
  note={https://www.gnu.org/software/gdb/}
}

@misc{raber,
  title={Virtual Deobfuscator – a DARPA Cyber Fast Track funded effort},
  author={Jason Raber},
  year={2013},
  note={http://www.cerosecurity.com/blackhat-usa-2013-presentaciones-y-diapositivas/}
}

@misc{kortchinsky,
  title={Cloudburst: Hacking 3D and Breaking Out of VMware},
  author={Kostya Kortchinsky},
  year={2009},
  note={https://www.blackhat.com/presentations/bh-usa-09/KORTCHINSKY/BHUSA09-Kortchinsky-Cloudburst-PAPER.pdf}
}


@book{norfc,
  title={Foundations of Digital Logic Design},
  author={Langholz, G. and Kandel, A. and Mott, J.L.},
  isbn={9789810231101},
  url={https://books.google.de/books?id=4sX9fTGRo7QC},
  year={1998},
  publisher={World Scientific}
}


@book{copypro,
	AUTHOR = {Aho, Alfred V. AND Lam, Monica S. AND Sethi, Ravi AND Ullman, Jeffrey D.},
	YEAR = {2007},
	TITLE = {Compilers - Principles, Techniques, \& Tools},
	EDITION = {2nd ed.},
	ISBN = {978-0-321-49169-5},
	PUBLISHER = {Pearson Addison-Wesley},
	ADDRESS = {San Francisco},
}

@inproceedings{rolles,
  title={Unpacking virtualization obfuscators},
  author={Rolles, Rolf},
  booktitle={Proceedings of the 3rd USENIX conference on Offensive technologies},
  pages={1--1},
  year={2009},
  organization={USENIX Association}
}

@inproceedings{opaque,
 author = {Collberg, Christian and Thomborson, Clark and Low, Douglas},
 title = {Manufacturing Cheap, Resilient, and Stealthy Opaque Constructs},
 booktitle = {Proceedings of the 25th ACM SIGPLAN-SIGACT Symposium on Principles of Programming Languages},
 series = {POPL '98},
 year = {1998},
 isbn = {0-89791-979-3},
 location = {San Diego, California, USA},
 pages = {184--196},
 numpages = {13},
 url = {http://doi.acm.org/10.1145/268946.268962},
 doi = {10.1145/268946.268962},
 acmid = {268962},
 publisher = {ACM},
 address = {New York, NY, USA},
}

@article{obfsurvy,
  title={Code obfuscation literature survey},
  author={Balakrishnan, Arini and Schulze, Chloe},
  journal={CS701 Construction of compilers},
  volume={19},
  year={2005}
}

@techreport{detectmal,
  title={Static analysis of executables to detect malicious patterns},
  author={Christodorescu, Mihai and Jha, Somesh},
  year={2006},
  institution={DTIC Document}
}

@incollection{multstage,
year={2011},
isbn={978-3-642-24860-3},
booktitle={Information Security},
volume={7001},
series={Lecture Notes in Computer Science},
editor={Lai, Xuejia and Zhou, Jianying and Li, Hui},
doi={10.1007/978-3-642-24861-0_12},
title={Multi-stage Binary Code Obfuscation Using Improved Virtual Machine},
url={http://dx.doi.org/10.1007/978-3-642-24861-0_12},
publisher={Springer Berlin Heidelberg},
author={Fang, Hui and Wu, Yongdong and Wang, Shuhong and Huang, Yin},
pages={168-181},
language={English}
}

@TECHREPORT{vmcrypt,
  author =    {Nikos Mavrogiannopoulos},
  title =     {{Enhancements to a virtual machine based code encryptor}},
  year =      {2011},
  pages =     {12},
  type =      {COSIC internal report},
}

@INPROCEEDINGS{ievmcrypt, 
author={Averbuch, A. and Kiperberg, M. and Zaidenberg, N.J.}, 
booktitle={Network and System Security (NSS), 2011 5th International Conference on}, 
title={An efficient VM-based software protection}, 
year={2011}, 
pages={121-128}, 
keywords={cryptography;digital rights management;virtual machines;Rolles method;VM-based conditional access environment;VM-based software protection;VM-based trusted computing environment;conditional access system;cryptographic measures;digital rights management system;encrypted program execution;truly-protect system;virtual machine;Cryptography;Games;Hardware;Registers;Software;Switches;Virtual machining}, 
doi={10.1109/ICNSS.2011.6059968}, 
month={Sept},}

@INPROCEEDINGS{autorev, 
author={Sharif, M. and Lanzi, A. and Giffin, J. and Wenke Lee}, 
booktitle={Security and Privacy, 2009 30th IEEE Symposium on}, 
title={Automatic Reverse Engineering of Malware Emulators}, 
year={2009}, 
pages={94-109}, 
keywords={data flow analysis;data structures;invasive software;reverse engineering;Rotalume;VMProtect;automatic reverse engineering;bytecode instruction set;bytecode programs;code virtualizer;control flow graphs;data structures;dynamic data flow analysis;dynamic taint analysis;emulation technology;malware emulators;proof-of-concept system;x86 instruction trace;Algorithm design and analysis;Computer buffers;Data analysis;Data mining;Data structures;Emulation;Information analysis;Instruction sets;Protection;Reverse engineering;Emulation;Malware Analysis;Obfuscation;Reverse-engineering}, 
doi={10.1109/SP.2009.27}, 
ISSN={1081-6011}, 
month={May},} 

@INPROCEEDINGS{taint, 
author={Schwartz, E.J. and Avgerinos, T. and Brumley, D.}, 
booktitle={Security and Privacy (SP), 2010 IEEE Symposium on}, 
title={All You Ever Wanted to Know about Dynamic Taint Analysis and Forward Symbolic Execution (but Might Have Been Afraid to Ask)}, 
year={2010}, 
pages={317-331}, 
keywords={Computerized monitoring;Filters;Heuristic algorithms;Information analysis;Information security;Performance analysis;Privacy;Reactive power;Runtime;Testing;dynamic analysis;symbolic execution;taint analysis}, 
doi={10.1109/SP.2010.26}, 
ISSN={1081-6011}, 
month={May},}

@inproceedings{semdeob,
  title={Deobfuscation of virtualization-obfuscated software: a semantics-based approach},
  author={Coogan, Kevin and Lu, Gen and Debray, Saumya},
  booktitle={Proceedings of the 18th ACM conference on Computer and communications security},
  pages={275--284},
  year={2011},
  organization={ACM}
}

@inproceedings{reeng,
  title={A conceptual foundation for software re-engineering},
  author={Byrne, Eric J},
  booktitle={Software Maintenance, 1992. Proceerdings., Conference on},
  pages={226--235},
  year={1992},
  organization={IEEE}
}

@book{idabook,
  title={The IDA pro book: the unofficial guide to the world's most popular disassembler},
  author={Eagle, Chris},
  year={2011},
  publisher={No Starch Press}
}

@inproceedings{staticdyn,
  title={Static and dynamic analysis: Synergy and duality},
  author={Ernst, Michael D},
  booktitle={WODA 2003: ICSE Workshop on Dynamic Analysis},
  pages={24--27},
  year={2003},
  organization={Citeseer}
}

%not used /use for static vs dyn
@article{dynsurvey,
  title={A survey on automated dynamic malware-analysis techniques and tools},
  author={Egele, Manuel and Scholte, Theodoor and Kirda, Engin and Kruegel, Christopher},
  journal={ACM Computing Surveys (CSUR)},
  volume={44},
  number={2},
  pages={6},
  year={2012},
  publisher={ACM}
}

@inproceedings{autstatic,
  title={Model Checking One Million Lines of C Code.},
  author={Chen, Hao and Dean, Drew and Wagner, David},
  booktitle={NDSS},
  volume={4},
  pages={171--185},
  year={2004}
}

@INPROCEEDINGS{dyndetect, 
author={Xu Chen and Andersen, J. and Mao, Z.M. and Bailey, M. and Nazario, Jose}, 
booktitle={Dependable Systems and Networks With FTCS and DCC, 2008. DSN 2008. IEEE International Conference on}, 
title={Towards an understanding of anti-virtualization and anti-debugging behavior in modern malware}, 
year={2008}, 
pages={177-186}, 
keywords={fingerprint identification;invasive software;system monitoring;attack programs;fingerprinting method;malware;reverse engineering;Computer crime;Computerized monitoring;Ecosystems;Fingerprint recognition;Production systems;Protection;Reconnaissance;Reverse engineering;Taxonomy;Virtual machining}, 
doi={10.1109/DSN.2008.4630086}, 
month={June},}

@ARTICLE{virtmach70, 
author={Goldberg, Robert P.}, 
journal={Computer}, 
title={Survey of virtual machine research}, 
year={1974}, 
volume={7}, 
number={6}, 
pages={34-45}, 
doi={10.1109/MC.1974.6323581}, 
ISSN={0018-9162}, 
month={June},}

@book{virtbo,
  title={Virtual machines: versatile platforms for systems and processes},
  author={Smith, Jim and Nair, Ravi},
  year={2005},
  publisher={Elsevier}
}

@inproceedings{compvirt,
 author = {Gough, K John},
 title = {Stacking Them Up: A Comparison of Virtual Machines},
 booktitle = {Proceedings of the 6th Australasian Conference on Computer Systems Architecture},
 series = {ACSAC '01},
 year = {2001},
 isbn = {0-7695-0954-1},
 location = {Queensland, Australia},
 pages = {55--61},
 numpages = {7},
 url = {http://dl.acm.org/citation.cfm?id=545596.545603},
 acmid = {545603},
 publisher = {IEEE Computer Society},
 address = {Washington, DC, USA},
}

@book{obfubo,
  title={Surreptitious Software: Obfuscation, Watermarking, and Tamperproofing for Software Protection},
  author={Nagra, Jasvir and Collberg, Christian},
  year={2009},
  publisher={Pearson Education}
}

@article{neumann,
  title={First Draft of a Report on the EDVAC},
  author={Von Neumann, John},
  journal={IEEE Annals of the History of Computing},
  number={4},
  pages={27--75},
  year={1993},
  publisher={IEEE}
}

@book{debugcom,
  title={Practical Malware Analysis: The Hands-On Guide to Dissecting Malicious Software},
  author={Sikorski, Michael and Honig, Andrew},
  year={2012},
  publisher={No Starch Press}
}

@misc{createvmi,
  title={Creating Code Obfuscation Virtual Machines},
  author={Craig Smith},
  year={2008},
  note={http://recon.cx/2008/a/craig\_smith/Neohapsis-VM-101.pdf}
}

@inproceedings{malobfs,
  title={Malware obfuscation techniques: A brief survey},
  author={You, Ilsun and Yim, Kangbin},
  booktitle={2010 International conference on broadband, wireless computing, communication and applications},
  pages={297--300},
  year={2010},
  organization={IEEE}
}

@article{defebnf,
  title={Extended Backus-Naur Form (EBNF)},
  author={Wirth, Niklaus},
  journal={ISO/IEC},
  volume={14977},
  year={1996}
}

@book{craig2006virtual,
  author = {Craig, Iain D.},
  description = {Virtual Machines: Iain D. Craig: 9781852339692: Amazon.com: Books},
  isbn = {9781846282461 1846282462},
  publisher = {Springer-Verlag},
  title = {Virtual Machines},
  year = 2006
}
